<record><leader>00000cas a2200000 a 4500</leader><controlfield tag="001">11411524</controlfield><controlfield tag="008">841121d18881888ksudr ne      0   a0eng d</controlfield><controlfield tag="009">3789</controlfield><datafield ind1=" " ind2=" " tag="010"><subfield code="a">sn 84030050 </subfield></datafield><datafield ind1=" " ind2=" " tag="040"><subfield code="a">KSH</subfield><subfield code="b">eng</subfield><subfield code="c">KSH</subfield><subfield code="d">NPT</subfield><subfield code="d">OCL</subfield></datafield><datafield ind1=" " ind2=" " tag="042"><subfield code="a">msc</subfield></datafield><datafield ind1="0" ind2=" " tag="130"><subfield code="a">Daily register (Ulysses, Kan.)</subfield></datafield><datafield ind1="0" ind2="0" tag="245"><subfield code="a">Daily register.</subfield></datafield><datafield ind1=" " ind2=" " tag="260"><subfield code="a">Ulysses, Kan. :</subfield><subfield code="b">Herbert L. Gill,</subfield><subfield code="c">1888-</subfield></datafield><datafield ind1=" " ind2=" " tag="300"><subfield code="a">v. ;</subfield><subfield code="c">50 cm.</subfield></datafield><datafield ind1=" " ind2=" " tag="310"><subfield code="a">Daily</subfield></datafield><datafield ind1="0" ind2=" " tag="362"><subfield code="a">Vol. 1, no. 1 (Aug. 1, 1888)-</subfield></datafield><datafield ind1="1" ind2=" " tag="362"><subfield code="a">Ceased with Aug. 17, 1888 issue?</subfield></datafield><datafield ind1=" " ind2=" " tag="521"><subfield code="a">"Devoted ... to the [Methodist] camp meeting commencing today."</subfield></datafield><datafield ind1=" " ind2=" " tag="580"><subfield code="a">Issued also in a weekly edition called: Grant County register.</subfield></datafield><datafield ind1=" " ind2=" " tag="752"><subfield code="a">United States</subfield><subfield code="b">Kansas</subfield><subfield code="c">Grant</subfield><subfield code="d">Ulysses.</subfield></datafield><datafield ind1="1" ind2=" " tag="775"><subfield code="t">Grant County register</subfield><subfield code="w">(DLC)sn 84030087</subfield></datafield></record>